@article{PhysRev.52.1003,
  title = {New Evidence for the Existence of a Particle of Mass Intermediate Between the Proton and Electron},
  author = {Street, J. C. and Stevenson, E. C.},
  journal = {Phys. Rev.},
  volume = {52},
  issue = {9},
  pages = {1003--1004},
  numpages = {0},
  year = {1937},
  month = {Nov},
  publisher = {American Physical Society},
  doi = {10.1103/PhysRev.52.1003},
  url = {https://link.aps.org/doi/10.1103/PhysRev.52.1003}
}



@article{PhysRev.59.223,
  title = {Variation of the Rate of Decay of Mesotrons with Momentum},
  author = {Rossi, Bruno and Hall, David B.},
  journal = {Phys. Rev.},
  volume = {59},
  issue = {3},
  pages = {223--228},
  numpages = {0},
  year = {1941},
  month = {Feb},
  publisher = {American Physical Society},
  doi = {10.1103/PhysRev.59.223},
  url = {https://link.aps.org/doi/10.1103/PhysRev.59.223}
}


@book{griffiths2008particles,
  title     = {Introduction to Elementary Particles},
  author    = {Griffiths, David J.},
  year      = {2008},
  edition   = {2nd},
  publisher = {Wiley-VCH},
  address   = {Weinheim, Germany},
  isbn      = {9783527406012}
}

@article{ParticleDataGroup:2024cfk,
    author = "Navas, S. and others",
    collaboration = "Particle Data Group",
    title = "{Review of particle physics}",
    doi = "10.1103/PhysRevD.110.030001",
    journal = "Phys. Rev. D",
    volume = "110",
    number = "3",
    pages = "030001",
    year = "2024"
}


@misc{MuonLifetimeWiki,
  author = {Franklin, Melissa.},
  title = {Advanced Physics Laboratory: Muon Lifetime},
  year = {1999},
  howpublished = {Harvard Wiki}
}

% \bibitem{HoffmanPhysics191Writing}
% J. E. Hoffman,
% ``Hoffman-Physics191-Writing: Guidance on Scientific Paper Outline,''
% (2020). [Online: http://hoffman.physics.harvard.edu/]